<?xml version="1.0" encoding="UTF-8"?><collection xmlns="http://www.loc.gov/MARC21/slim"><record><leader>00679nam--2200205-i-4500</leader><controlfield tag="001">000024319</controlfield><controlfield tag="002">20161230</controlfield><controlfield tag="005">20161230201035</controlfield><controlfield tag="008">060222s1000------------r-----000-0-eng-d</controlfield><datafield ind1=" " ind2=" " tag="020"><subfield code="a">0080204422</subfield></datafield><datafield ind1=" " ind2=" " tag="040"><subfield code="a">IFIN-HH</subfield></datafield><datafield ind1=" " ind2=" " tag="080"><subfield code="a">535.37:538.958</subfield></datafield><datafield ind1="1" ind2=" " tag="100"><subfield code="a">Williams, E.W</subfield></datafield><datafield ind1="1" ind2="0" tag="245"><subfield code="a">Luminescence and the light emitting diode. the basics and technology of leds and the luminescence properties of the materials</subfield><subfield code="b">Volume 13</subfield><subfield code="c">E.w. williams, r. hall</subfield></datafield><datafield ind1=" " ind2=" " tag="260"><subfield code="a">Oxford</subfield><subfield code="b">Pergamon Press</subfield><subfield code="c">1978</subfield></datafield><datafield ind1=" " ind2=" " tag="300"><subfield code="a">VIII + 241 P</subfield></datafield><datafield ind1=" " ind2=" " tag="490"><subfield code="a">International Series In The Science Of The Solid State</subfield></datafield><datafield ind1="1" ind2=" " tag="700"><subfield code="a">Hall, R</subfield></datafield><datafield ind1=" " ind2=" " tag="852"><subfield code="a">30272</subfield><subfield code="c">537.311.33</subfield></datafield><datafield ind1=" " ind2=" " tag="CAT"><subfield code="a">Sys</subfield><subfield code="c">20110721</subfield><subfield code="h">091649</subfield></datafield></record></collection>